% !TEX encoding = UTF-8 Unicode

@article{Aquino-2009,
   title = {Testing a social-cognitive model of behavior: The interactive
            influence of situations and moral identity centrality.},
   author = {Karl Aquino and Dan Freeman and Vivien K.G Lim and
                           Americus Reed II and Will Felps},
   journaltitle = {Journal of Personality and Social Psychology},
   date = {2009}