% !TEX encoding = UTF-8 Unicode

@article{aquino09,
  author = 	 {Karl Aquino and Dan Freeman and Vivien K.G Lim and
                           Americus Reed II and Will Felps},
  title = 	 {Testing a Social-Cognitive Model of Moral Behavior: 
                           The Interactive Influence of Situations and
			   Moral Identify Centrality},
  journal = 	 {American Psychological Association},
  year = 	 2009,
  key = 	 {Journal of Personality and Social Psychology},
  volume = 	 97,
  number = 	 1,
  pages = 	 {123-141}}

@Book{bryan03,
  author = 	 {Frank Bryan},
  title = 	 {Real Democracy: The New England Town Meeting and How
                           It Works (American Politics and Political Economy 
                           Series)},
  publisher = 	 {University of Chicago Press},
  year = 	 2003,
  series = 	 {American Politics and Political Economy Series}}

@Article{burn85,
  author = 	 {John Burnheim},
  title = 	 {Is Democracy Possible? The alternative to electoral
                           politics},
  journal = 	 {University of California Press},
  year = 	 1985,
  key = 	 {Library of Congress}}

@Book{call85,
  author = 	 {Ernest Callenbach and Michael Phillips},
  title = 	 {A Citizen Legislature},
  publisher = 	 {Banyan Tree Books},
  year = 	 1985,
  address = 	 {Berkeley, California}}


@Article{calvert12,
  author = 	 {Aubin Calvert and Mark E.Warren},
  title = 	 {Deliberative Democracy and Framing Effects:
                           Why Frames are a Problem and How Deliberative 
                           Minipublics Might Overcome Them},
  journal = 	 {Kimmo Gr{\"o}nlund, Andr{\'e} B{\"a}chtiger, and 
                           Maija Set{\"a}l{\"a}, ECPR Press},
  year = 	 2012}


@InBook{caplan07,
  author = 	 {Bryan Caplan},
  title = 	 {The Myth of the Rational Voter
                           Why Democracies Choose Bad Policies},
  chapter = 	 {introduction},
  publisher = 	 {Princeton University Press},
  year = 	 2007}


@Book{cars99,
  author = 	 {Lyn Carson and Brian Martin},
  title = 	 {Random selection in politics},
  publisher = 	 {Praeger Publisher},
  year = 	 1999,
  key = 	 {Westport, CT}}


@InBook{cars05,
  author = 	 {Lyn Carson and Janette Hartz-Karp},
  title = 	 {The deliberative democracy handbook:
                           strategies for effective civic engagement in the
                           twenty-first century},
  chapter = 	 8,
  publisher = 	 {John Gastil and Peter Levine},
  year = 	 2005}

@Article{cars06,
  author = 	 {Lyn Carson and Janette Hartz-Karp},
  title = 	 {Improving Public Deliberative Practice: A Comparative Analysis
                           of Two Italian Citizensâ€™ Jury Projects in 2006},
  journal = 	 {Journal of Public Deliberation},
  year = 	 2006,
  volume = 	 2,
  number = 	 1}

@Article{crosby86,
  author = 	 {Crosby and Ned and Janet Kelly and Paul Schaefer},
  title = 	 {Citizens Panels: A New Approach to Citizen Participation},
  journal = 	 {Public Administration Review},
  year = 	 1986,
  volume = 	 46,
  number = 	 2}


@Book{dahl70,
  author = 	 {Robert A. Dahl},
  title = 	 {After the revolution? Authority in a good society},
  publisher = 	 {Yale University Press},
  year = 	 1970}

@Book{dahl89,
  author = 	 {Robert A. Dahl},
  title = 	 {Democracy and its Critics},
  publisher = 	 {Yale University Press},
  year = 	 1989}

@InBook{dien95,
  author = 	 {Peter C. Dienel and Ortwin Renn},
  title = 	 {Fairness and Competence in Citizen Participation:
                   Technology, Risk, and Society},
  chapter = 	 6,
  publisher = 	 {Springer},
  year = 	 1995,
  volume = 	 10}

@Book{dowlen08,
  author = 	 {Oliver Dowlen},
  title = 	 {The Political Potential of Sortition: A Study of the Random
Selection of Citizens for Public Office},
  publisher = 	 {Charlottesville: Imprint
Academic},
  year = 	 2008,
  series = 	 {The luck of the draw : sortition and public policy}}

@Book{fischer09,
  author = 	 {Frank Fischer},
  title = 	 {Democracy and Expertise: Reorienting Policy Inquiry},
  publisher = 	 {Oxford: Oxford University Press},
  year = 	 2009}

@Book{fishkin09,
  author = 	 {James S. Fishkin},
  title = 	 {When the People Speak : Deliberative Democracy and Public Consultation},
  publisher = 	 {Oxford University Press},
  year = 	 2009}

@Book{gast00,
  author = 	 {John Gastil},
  title = 	 {By Popular Demand: Revitalizing Representative Democracy through Deliberative Elections},
  publisher = 	 {Berkeley: University of California Press},
  year = 	 2000}

@InProceedings{gast12,
  author = 	 {John Gastil and Robert Richards},
  title = 	 {Making Direct Democracy Deliberative through Random Assemblies},
  booktitle = {The annual meeting of the American Sociological Association},
  year = 	 2012,
  address = 	 {Denver CO},
  publisher = {American Sociological Association}}

@Article{goll07,
  author = 	 {Leigh Gollop},
  title = 	 {Releasing Democracy: giving real power to the people},
  journal = 	 {The Flinders Journal of History and Politics},
  year = 	 2007,
  volume = 	 24}


@Book{hans99,
  author = 	 {Mogens Herman Hansen},
  title = 	 {Athenian Democracy in the Age of Demosthenes},
  publisher = 	 {University of Oklahoma Press edition},
  year = 	 1999}

@Book{herath07,
  author = 	 {R.B Herath},
  title = 	 {Real Power to the People: A Novel Appoach to Electoral
                  Reform in British Columbia},
  publisher = 	 {University of America},
  year = 	 2007}


@Article{koriat12,
  author = 	 {Asher Koriat},
  title = 	 {When Are Two Heads Better Thane One and Why},
  journal = 	 {American Association for the Advancement of Science},
  year = 	 2012}


@Article{landemore12,
  author = 	 {Helene Landemore},
  title = 	 {Why the Many Are Smarter than the Few and Why It Matters},
  journal = 	 {Journal of Public Deliberation},
  year = 	 2012,
  volume = 	 8}


@Book{leib04,
  author = 	 {Ethan Leib},
  title = 	 {Deliberative Democracy in America: A Proposal for a Popular
                  Branch of Government},
  publisher = 	 {University Park},
  year = 	 2004}

@InProceedings{lorenz11,
  author = 	 {Jan Lorenz and Heiko Rauhut and Franck Schweitzer and Dirk 
                  Helbing},
  title = 	 {How Social Influence Can Undermine the Wisdom of Crowd 
                  Effect},
  booktitle = {Proceedings of the National Academy of Sciences},
  year = 	 2011,
  editor = 	 {Burton H. Singer},
  volume = 	 108,
  number = 	 22}

@Book{manin97,
  author = 	 {Bernard Manin},
  title = 	 {The Principles of Representative Government},
  publisher = 	 {Cambridge University Press},
  year = 	 1997}


@InProceedings{manin05,
  author = 	 {Bernard Manin},
  title = 	 {Democratic Deliberation: Why We Should Promote Debate Rather},
  booktitle = {The Program in Ethics and Public Affairs},
  year = 	 2005,
  editor = 	 {Princeton University}}

@TechReport{matthews04,
  author = 	 {Roger Matthews and Lynn Hancock and Daniel Briggs},
  title = 	 {Juror's perceptions, understanding, confidence and 
                  satisfation in the jury system: a study in six courts},
  institution =  {Center for Criminolgy Middlesex University},
  year = 	 2004,
  type = 	 {Online Report},
  month = 	 {May}}

@Book{oleary06,
  author = 	 {Kevin O'Leary},
  title = 	 {Saving Democracy A Plan for Real Representation in America},
  publisher = 	 {Stanford University Press},
  year = 	 2006}

@Article{ober07,
  author = 	 {Josiah Ober},
  title = 	 {What the Ancient Greeks Can Tell Us About Democracy},
  journal = 	 {Reviews in Political Science},
  year = 	 2007}


@Book{ober08,
  author = 	 {Josiah Ober},
  title = 	 {Democracy and Knowledge:
                  Innovation and Learning in Classical Athens},
  publisher = 	 {Princeton University Press},
  year = 	 2008}

@Article{page07,
  author = 	 {Scott E. Page},
  title = 	 {The Difference: How The Power of Diversity Creates Better
                  Groups, Firms, Schools, and Societies},
  journal = 	 {Journal of Economic Literature},
  year = 	 2007}

@Book{pitkin67,
  author = 	 {Hanna Fenichel Pitkin},
  title = 	 {The Concept of Representation},
  publisher = 	 {University of California Press},
  year = 	 1967}

@Book{sunstein05,
  author = 	 {Cass R. Sunstein},
  title = 	 {Why Societies Need Dissent},
  publisher = 	 {Cambridge: Harvard University Press},
  year = 	 2005}

@Book{sunstein06,
  author = 	 {Cass R. Sunstein},
  title = 	 {Infotopia},
  publisher = 	 {Oxford University Press},
  year = 	 2006}

@Book{surowiecki04,
  author = 	 {James Surowiecki},
  title = 	 {The Wisdom of Crowds: Why the Many are Smarter Than the
                  Few and how Collective Wisdom Shapes Business, Economies, 
                  Societies, and Nations},
  publisher = 	 {Doubleday},
  year = 	 2004}

@Book{sutherland08,
  author = 	 {Keith Sutherland},
  title = 	 {A People's Parliament: a (revised) blueprint for a very 
                  English revolution },
  publisher = 	 {Imprint Academic},
  year = 	 2008}

@Article{thompson12,
  author = 	 {Nivek K. Thompson},
  title = 	 {Participatory budgeting - the Australian way},
  journal = 	 {Journal of Public Deliberation},
  year = 	 2012,
  volume = 	 8}

@Article{warren96,
  author = 	 {Mark E. Warren},
  title = 	 {What Should We Expect from More Democracy? 
                  Radically democratic Responses to Politics},
  journal = 	 {Political Theory},
  year = 	 1996,
  volume = 	 24,
  number = 	 2}

@Book{westen07,
  author = 	 {Drew Westen},
  title = 	 {The Political Brain: The Role of Emotion in Deciding
                  the Fate of the Nation},
  publisher = 	 {Public Affairs},
  year = 	 2007}

@Book{wood05,
  author = 	 {Paul Woodruff},
  title = 	 {First Democracy: The Challenge of an Ancient Idea},
  publisher = 	 {Oxford University Press},
  year = 	 2005}

@Article{zak10,
  author = 	 {Alex Zakaras},
  title = 	 {Lot and Democratic Representation: A Modest Proposal},
  journal = 	 {Blackwell Publishing},
  year = 	 2010,
  volume = 	 17,
  number = 	 3}

@Misc{ziada12,
  author = 	 {Dalia Ziada},
  title = 	 {Egyptian Protestor: Candidates Don't Represent Me},
  year = 	 2012,
  note = 	 {Interview on National Public Radio}}

